@misc{a1,
  author       = {{State Government of Victoria}},
  title        = {{Victoria's Big Build}},
  howpublished = {\url{https://bigbuild.vic.gov.au/projects}},
  year         = {2022},
  note         = {[Accessed on 4-02-2023]},
}


@misc{a2,
  author       = {{Major Road Projects Victoria}},
  title        = {{Narre Warren North Road Upgrade}},
  howpublished = {\url{https://bigbuild.vic.gov.au/__data/assets/pdf_file/0005/600953/NWNU-Project-Overview-Factsheet.pdf}},
  year         = {2021},
  note         = {[Accessed on 20-01-2023]},
}

@misc{a3,
  author       = {{VicRoads}},
  title        = {{Road Crashes For Five Years Victoria}},
  howpublished = {\url{https://vicroadsopendata-vicroadsmaps.opendata.arcgis.com/datasets/vicroadsmaps::road-crashes-for-five-years-victoria/about}},
  year         = {2021},
  note         = {[Accessed on 20-01-2023]},
}

@article{a4,
  title={Development of a Road-Condition Assessment System and Application to Road Maintenance Decision-Making},
  author={Miyamoto, Ayaho and Ximenes, Hugo Da Costa},
  journal={Civil Engineering Infrastructures Journal},
  volume={54},
  number={2},
  pages={225--251},
  year={2021},
  publisher={University of Tehran}
}

@article{a5,
  title={Combining cost-benefit and multi-criteria analysis to prioritise a national road infrastructure programme},
  author={G{\"u}hnemann, Astrid and Laird, James J and Pearman, Alan D},
  journal={Transport Policy},
  volume={23},
  pages={15--24},
  year={2012},
  publisher={Elsevier}
}

@article{a6,
  title={SMART-Multi-criteria decision-making technique for use in planning activities},
  author={Patel, Meera Rameshkumar and Vashi, Manisha Pranav and Bhatt, Bhasker Vijaykumar},
  journal={New Horizons in Civil Engineering (NHCE 2017)},
  pages={1--6},
  year={2017},
  publisher={Sarvajanik College of Engineering \& Technology}
}

@misc{a7,
  author       = {{Major Road Projects Victoria}},
  title        = {{Closing the Loop - Summary of Community Feedback on Project Designs}},
  howpublished = {\url{https://bigbuild.vic.gov.au/__data/assets/pdf_file/0004/583510/NWNU-Design-Feedback-Digital-Brochure.pdf}},
  year         = {2021},
  note         = {[Accessed on 20-01-2023]},
}

@misc{a8,
  author       = {{Australian Government Department of Infrastructure, Regional Development, Communication and the Arts}},
  title        = {{Black Spot Program}},
  howpublished = {\url{https://investment.infrastructure.gov.au/about/local-initiatives/black-spot-program/}},
  year         = {2022},
  note         = {[Accessed on 20-01-2023]},
}

@misc{a9,
  author       = {{VicRoads}},
  title        = {{Benefit Management Framework}},
  howpublished = {\url{https://www.vicroads.vic.gov.au/-/media/files/documents/planning-and-projects/evaluating-investments/vicroads-benefit-management-framework-v3.ashx?la=en&hash=51002479F01A6394D672A6ED8177F13A}},
  year         = {2016},
  note         = {[Accessed on 25-01-2023]},
}

@misc{a10,
  author       = {{Queensland Department of Transport and Main Roads}},
  title        = {{Smarter Solutions - Multi-Criteria Analysis Tool}},
  howpublished = {\url{https://www.tmr.qld.gov.au/-/media/busind/businesswithus/existing-infrastructure/smarter-solutions-mca-tool-guide.pdf?la=en}},
  year         = {2016},
  note         = {[Accessed on 25-01-2023]},
}

@misc{a11,
  author       = {{Infrastructure Australia}},
  title        = {{Guide to Multi-Criteria Analysis}},
  howpublished = {\url{https://www.infrastructureaustralia.gov.au/sites/default/files/2021-07/Assessment%20Framework%202021%20Guide%20to%20multi-criteria%20analysis.pdf}},
  year         = {2021},
  note         = {[Accessed on 25-01-2023]},
}

@article{a12,
  title={An application of Multi-Attribute Utility Theory (MAUT) to the prioritization of rural roads to improve rural accessibility in Nigeria},
  author={{Akpan, Uduak and Morimoto, Risako}},
  journal={Socio-Economic Planning Sciences},
  volume={82},
  pages={101256},
  year={2022},
  publisher={Elsevier}
}

@book{a13,
  title={Decision analysis for management judgment},
  author={Goodwin, Paul and Wright, George},
  year={2014},
  publisher={John Wiley \& Sons},
  chapter={3}
}

@misc{a14,
  author       = {{VicRoads}},
  title        = {{Victoria's Road Network}},
  howpublished = {\url{https://www.vicroads.vic.gov.au/traffic-and-road-use/road-network-and-performance/victorias-road-network}},
  year         = {2021},
  note         = {[Accessed on 27-01-2023]},
}

@misc{a15,
  author       = {{Youi Insurance}},
  title        = {{Most Common Car Accidents And Most Dangerous Times On The Road}},
  howpublished = {\url{https://www.youi.com.au/youi-news/most-common-car-accidents-and-most-dangerous-times-on-the-road}},
  year         = {2021},
  note         = {[Accessed on 27-01-2023]},
}


@misc{a16,
  author       = {{DataVic}},
  title        = {{Typical Daily Traffic Volume Profile}},
  howpublished = {\url{https://discover.data.vic.gov.au/dataset/typical-daily-traffic-volume-profile}},
  year         = {2021},
  note         = {[Accessed on 27-01-2023]},
}

@misc{a17,
  author       = {{Google}},
  title        = {{Maps}},
  howpublished = {\url{https://www.google.com/maps}},
  year         = {2023},
  note         = {[Accessed on 27-01-2023]},
}

@misc{a18,
  author       = {{Australian Government Centre for Population}},
  title        = {{Population in local government areas}},
  howpublished = {\url{https://population.gov.au/data-and-forecasts/dashboards/population-local-government-areas}},
  year         = {2021},
  note         = {[Accessed on 27-01-2023]},
}

@misc{a19,
  author       = {{The Guardian}},
  title        = {{Auditor general finds NSW Labor seats denied bushfire grants due to limit set by John Barilaroâ€™s office}},
  howpublished = {\url{https://www.theguardian.com/australia-news/2023/feb/02/auditor-general-finds-nsw-labor-seats-denied-bushfire-grants-due-to-limit-set-by-john-barilaros-office}},
  year         = {2023},
  note         = {[Accessed on 02-02-2023]},
}

