@article{sayadinia2021proposing,
  title={Proposing a new hybrid multi-criteria decision-making approach for road maintenance prioritization},
  author={Sayadinia, Shakiba and Beheshtinia, Mohammad Ali},
  journal={International Journal of Quality \& Reliability Management},
  volume={38},
  number={8},
  pages={1661--1679},
  year={2021},
  publisher={Emerald Publishing Limited}
}

@article{patel2017smart,
  title={SMART-Multi-criteria decision-making technique for use in planning activities},
  author={Patel, Meera Rameshkumar and Vashi, Manisha Pranav and Bhatt, Bhasker Vijaykumar},
  journal={New Horizons in Civil Engineering (NHCE 2017)},
  pages={1--6},
  year={2017},
  publisher={Sarvajanik College of Engineering \& Technology}
}